@online{didatica2023,
  author = {Did√°tica.Tech},
  title = {Underfitting e Overfitting},
  url = {https://didatica.tech/underfitting-e-overfitting/},
  year = {2023},
  note = {\accessedon{2024-04-26}}
}
