@ARTICLE{Liu2019,
  title     = "How to read articles that use machine learning: Users' guides to the medical literature",
  author    = "Liu, Yun and Chen, Po-Hsuan Cameron and Krause, Jonathan and Peng, Lily",
  journal   = "JAMA",
  publisher = "American Medical Association (AMA)",
  volume    =  322,
  number    =  18,
  pages     = "1806--1816",
  month     =  nov,
  year      =  2019
}
